

@Book{MPS05,
  author = 	 {McQuiston, F.C. and Parker, J.D. and Spitler, J.D.},
  title = 	 {Heating, Ventilating and Air Conditioning, Analysis and Design},
  publisher = 	 {John Wiley & Sons, Inc},
  year = 	 {2005},
  edition = 	 {6},
  address =      {}
}

@COMMENT{hylla th på Chalmers bibliotek. Finns SI-upplaga?}

@Book{Pettersson04,
  author = 	 {Pettersson, B-Å.},
  title = 	 {Tillämpad Byggfysik},
  publisher = 	 {Studentlitteratur},
  year = 	 {2004},
  address = 	 {Lund},
  edition = 	 {2}
}

@COMMENT{hylla th på Chalmers bibliotek, speciellt kap 7.2: Värmetransport i konstruktioner.}

@Book{Hagentoft01,
  author = 	 {Hagentoft, C-E.},
  title = 	 {Introduction to Building Physics},
  publisher = 	 {Studentlitteratur},
  year = 	 {2001},
  address = 	 {},
  edition = 	 {}
}

@COMMENT{Författaren är en Chalmersprofessor i byggnadsfysik.}

@Book{physicshandbook,
  author = 	 {Nordling, C. and Österman, J.},
  title = 	 {Physics Handbook},
  publisher = 	 {Studentlitteratur},
  year = 	 {2006},
  address = 	 {Lund},
  edition = 	 {8:5}
}

@Book{lewis04,
  author = 	 {Lewis, R.W. and Nithiarasu, P. and Seetharamu, K.N.},
  title = 	 {Fundamentals of the Finite Element Method for Heat and Fluid Flow},
  publisher = 	 {Wiley},
  year = 	 {2004},
  address = 	 {Chichester},
  edition = 	 {}
}


@Misc{statistisk,
  author = 	 {Frauke Oldewurtel, Alessandra Parisio, Colin N. Jones, Manfred Morari Dimitrios Gyalistras, Markus Gwerder, Vanessa Stauch, Beat Lehmann, Katharina Wirth},
  title = 	 {Energy Efficient Building Climate Control using Stochastic Model Predictive Control and Weather Predictions},
  month = 	 {feb},
  year = 	 {2012},
  note = 	 {http://ieeexplore.ieee.org/stamp/stamp.jsp?tp=&arnumber=5530680}
}

@COMMENT{En artikel om stokastisk modellering av väderprognoser i syfte att energieffektivisera.}

@Misc{SLU,
  author = 	 {Roger Pettersson},
  title = 	 {Marktemperatur},
  month = 	 {feb},
  year = 	 {2012},
  note = 	 {http://www-vaxten.slu.se/marken/marktemperatur.htm}
}

@COMMENT{
I en artikel i tidningen Elinstallatören nr 10, 2010 (elratt.se/cms/wp-content/uploads/2011/05/Energieffektivisering-i-flerbostadshus.pdf) står det att fastighetsbolaget Roslagsbostäder gjort en investering för energieffektivisering av sina bostäder. Det står ganska lite i artikeln om vad de faktiskt har gjort. Kan det vara värt att kontakta dem och fråga närmare hur de har resonerat?

Företaget KTC Control Stockholm AB (www.ktc.se) verkar hålla på med just energieffektivisering av fastigheter. De är ganska återhållsamma med sina metoder på hemsidan. Kan man ringa dem och fråga lite närmare hur de resonerar för att få nya uppslag?
}